%%%%%%%%%%%%%%%%%%%%%%%%%%%%%%%%%%%%%%%%%%%%%%%%%%
% SER
%%%%%%%%%%%%%%%%%%%%%%%%%%%%%%%%%%%%%%%%%%%%%%%%%%
@book{barfoot2017state,
    title={State Estimation for Robotics},
    author={Barfoot, Timothy D},
    year={2017},
    publisher={Cambridge University Press}
}

%%%%%%%%%%%%%%%%%%%%%%%%%%%%%%%%%%%%%%%%%%%%%%%%%%
% NumOpt
%%%%%%%%%%%%%%%%%%%%%%%%%%%%%%%%%%%%%%%%%%%%%%%%%%
@book{jorge2006numerical,
    title={Numerical Optimization},
    edition={second},
    author={Jorge Nocedal and Stephen J. Wright},
    year={2006},
    publisher={Springer},
    address={New York, NY, USA}
}

%%%%%%%%%%%%%%%%%%%%%%%%%%%%%%%%%%%%%%%%%%%%%%%%%%
% NLLS
%%%%%%%%%%%%%%%%%%%%%%%%%%%%%%%%%%%%%%%%%%%%%%%%%%
@article{tingleff2004methods,
    title={Methods for non-linear least squares problems},
    author={Tingleff, O and Madsen, K and Nielsen, HB},
    journal={Lecture Note in Computer Science 02611 Optimization and Data Fitting},
    year={2004}
}

%%%%%%%%%%%%%%%%%%%%%%%%%%%%%%%%%%%%%%%%%%%%%%%%%%
% BA
%%%%%%%%%%%%%%%%%%%%%%%%%%%%%%%%%%%%%%%%%%%%%%%%%%
@inproceedings{triggs1999bundle,
    title={Bundle adjustmentâ€”a modern synthesis},
    author={Triggs, Bill and McLauchlan, Philip F and Hartley, Richard I and Fitzgibbon, Andrew W},
    booktitle={International workshop on vision algorithms},
    pages={298--372},
    year={1999},
    organization={Springer}
}

%%%%%%%%%%%%%%%%%%%%%%%%%%%%%%%%%%%%%%%%%%%%%%%%%%
% KF
%%%%%%%%%%%%%%%%%%%%%%%%%%%%%%%%%%%%%%%%%%%%%%%%%%
@article{smith1978exact,
    title={An exact equivalence between the discrete-and continuous-time formulations of the Kalman filter},
    author={Smith, MWA and Roberts, AP},
    journal={Mathematics and Computers in Simulation},
    volume={20},
    number={2},
    pages={102--109},
    year={1978},
    publisher={Elsevier}
}

%%%%%%%%%%%%%%%%%%%%%%%%%%%%%%%%%%%%%%%%%%%%%%%%%%
% MSCKF
%%%%%%%%%%%%%%%%%%%%%%%%%%%%%%%%%%%%%%%%%%%%%%%%%%
@inproceedings{mourikis2007multi,
    title={A multi-state constraint Kalman filter for vision-aided inertial navigation},
    author={Mourikis, Anastasios I and Roumeliotis, Stergios I},
    booktitle={Proceedings 2007 IEEE International Conference on Robotics and Automation},
    pages={3565--3572},
    year={2007},
    organization={IEEE}
}

%%%%%%%%%%%%%%%%%%%%%%%%%%%%%%%%%%%%%%%%%%%%%%%%%%
% Improving MSCKF
%%%%%%%%%%%%%%%%%%%%%%%%%%%%%%%%%%%%%%%%%%%%%%%%%%
@inproceedings{li2012improving,
    title={Improving the accuracy of EKF-based visual-inertial odometry},
    author={Li, Mingyang and Mourikis, Anastasios I},
    booktitle={Robotics and Automation (ICRA), 2012 IEEE International Conference on},
    pages={828--835},
    year={2012},
    organization={IEEE}
}

%%%%%%%%%%%%%%%%%%%%%%%%%%%%%%%%%%%%%%%%%%%%%%%%%%
% JPL
%%%%%%%%%%%%%%%%%%%%%%%%%%%%%%%%%%%%%%%%%%%%%%%%%%
@article{trawny2005indirect,
    title={Indirect Kalman filter for 3D attitude estimation},
    author={Trawny, Nikolas and Roumeliotis, Stergios I},
    journal={University of Minnesota, Dept. of Comp. Sci. \& Eng., Tech. Rep},
    volume={2},
    pages={2005},
    year={2005}
}

%%%%%%%%%%%%%%%%%%%%%%%%%%%%%%%%%%%%%%%%%%%%%%%%%%
% Preintegration
%%%%%%%%%%%%%%%%%%%%%%%%%%%%%%%%%%%%%%%%%%%%%%%%%%
@article{forster2017manifold,
    title={On-Manifold Preintegration for Real-Time Visual--Inertial Odometry},
    author={Forster, Christian and Carlone, Luca and Dellaert, Frank and Scaramuzza, Davide},
    journal={IEEE Transactions on Robotics},
    volume={33},
    number={1},
    pages={1--21},
    year={2017},
    publisher={IEEE}
}

%%%%%%%%%%%%%%%%%%%%%%%%%%%%%%%%%%%%%%%%%%%%%%%%%%
% Observability
%%%%%%%%%%%%%%%%%%%%%%%%%%%%%%%%%%%%%%%%%%%%%%%%%%
@article{jones2011visual,
    title={Visual-inertial navigation, mapping and localization: A scalable real-time causal approach},
    author={Jones, Eagle S and Soatto, Stefano},
    journal={The International Journal of Robotics Research},
    volume={30},
    number={4},
    pages={407--430},
    year={2011},
    publisher={SAGE Publications Sage UK: London, England}
}

%%%%%%%%%%%%%%%%%%%%%%%%%%%%%%%%%%%%%%%%%%%%%%%%%%
% Pushing
%%%%%%%%%%%%%%%%%%%%%%%%%%%%%%%%%%%%%%%%%%%%%%%%%%
@article{jeong2012pushing,
    title={Pushing the envelope of modern methods for bundle adjustment},
    author={Jeong, Yekeun and Nister, David and Steedly, Drew and Szeliski, Richard and Kweon, In-So},
    journal={IEEE transactions on pattern analysis and machine intelligence},
    volume={34},
    number={8},
    pages={1605--1617},
    year={2012},
    publisher={IEEE}
}

%%%%%%%%%%%%%%%%%%%%%%%%%%%%%%%%%%%%%%%%%%%%%%%%%%
% Fixed-Lag
%%%%%%%%%%%%%%%%%%%%%%%%%%%%%%%%%%%%%%%%%%%%%%%%%%
@inproceedings{dong2011motion,
    title={Motion tracking with fixed-lag smoothing: Algorithm and consistency analysis},
    author={Dong-Si, Tue-Cuong and Mourikis, Anastasios I},
    booktitle={Robotics and Automation (ICRA), 2011 IEEE International Conference on},
    pages={5655--5662},
    year={2011},
    organization={IEEE}
}

%%%%%%%%%%%%%%%%%%%%%%%%%%%%%%%%%%%%%%%%%%%%%%%%%%
% Sliding-Window
%%%%%%%%%%%%%%%%%%%%%%%%%%%%%%%%%%%%%%%%%%%%%%%%%%
@inproceedings{mouragnon2006real,
    title={Real time localization and 3d reconstruction},
    author={Mouragnon, Etienne and Lhuillier, Maxime and Dhome, Michel and Dekeyser, Fabien and Sayd, Patrick},
    booktitle={Computer Vision and Pattern Recognition, 2006 IEEE Computer Society Conference on},
    volume={1},
    pages={363--370},
    year={2006},
    organization={IEEE}
}

%%%%%%%%%%%%%%%%%%%%%%%%%%%%%%%%%%%%%%%%%%%%%%%%%%
% Pose Graph
%%%%%%%%%%%%%%%%%%%%%%%%%%%%%%%%%%%%%%%%%%%%%%%%%%
@article{lu1997globally,
    title={Globally consistent range scan alignment for environment mapping},
    author={Lu, Feng and Milios, Evangelos},
    journal={Autonomous robots},
    volume={4},
    number={4},
    pages={333--349},
    year={1997},
    publisher={Springer}
}
@article{lu1997robot,
    title={Robot pose estimation in unknown environments by matching 2d range scans},
    author={Lu, Feng and Milios, Evangelos},
    journal={Journal of Intelligent and Robotic systems},
    volume={18},
    number={3},
    pages={249--275},
    year={1997},
    publisher={Springer}
}

%%%%%%%%%%%%%%%%%%%%%%%%%%%%%%%%%%%%%%%%%%%%%%%%%%
% CHOLMOD
%%%%%%%%%%%%%%%%%%%%%%%%%%%%%%%%%%%%%%%%%%%%%%%%%%
@article{chen2008algorithm,
    title={Algorithm 887: CHOLMOD, supernodal sparse Cholesky factorization and update/downdate},
    author={Chen, Yanqing and Davis, Timothy A and Hager, William W and Rajamanickam, Sivasankaran},
    journal={ACM Transactions on Mathematical Software (TOMS)},
    volume={35},
    number={3},
    pages={22},
    year={2008},
    publisher={ACM}
}

%%%%%%%%%%%%%%%%%%%%%%%%%%%%%%%%%%%%%%%%%%%%%%%%%%
% COLAMD
%%%%%%%%%%%%%%%%%%%%%%%%%%%%%%%%%%%%%%%%%%%%%%%%%%
@article{davis2004algorithm,
    title={Algorithm 836: COLAMD, a column approximate minimum degree ordering algorithm},
    author={Davis, Timothy A and Gilbert, John R and Larimore, Stefan I and Ng, Esmond G},
    journal={ACM Transactions on Mathematical Software (TOMS)},
    volume={30},
    number={3},
    pages={377--380},
    year={2004},
    publisher={ACM}
}

%%%%%%%%%%%%%%%%%%%%%%%%%%%%%%%%%%%%%%%%%%%%%%%%%%
% GraphSLAM
%%%%%%%%%%%%%%%%%%%%%%%%%%%%%%%%%%%%%%%%%%%%%%%%%%
@article{thrun2006graph,
    title={The graph SLAM algorithm with applications to large-scale mapping of urban structures},
    author={Thrun, Sebastian and Montemerlo, Michael},
    journal={The International Journal of Robotics Research},
    volume={25},
    number={5-6},
    pages={403--429},
    year={2006},
    publisher={SAGE Publications}
}

%%%%%%%%%%%%%%%%%%%%%%%%%%%%%%%%%%%%%%%%%%%%%%%%%%
% sqrt(SAM)
%%%%%%%%%%%%%%%%%%%%%%%%%%%%%%%%%%%%%%%%%%%%%%%%%%
@article{dellaert2006square,
    title={Square Root SAM: Simultaneous localization and mapping via square root information smoothing},
    author={Dellaert, Frank and Kaess, Michael},
    journal={The International Journal of Robotics Research},
    volume={25},
    number={12},
    pages={1181--1203},
    year={2006},
    publisher={Sage Publications Sage CA: Thousand Oaks, CA}
}

%%%%%%%%%%%%%%%%%%%%%%%%%%%%%%%%%%%%%%%%%%%%%%%%%%
% Why Filter
%%%%%%%%%%%%%%%%%%%%%%%%%%%%%%%%%%%%%%%%%%%%%%%%%%
@article{strasdat2012visual,
    title={Visual SLAM: why filter?},
    author={Strasdat, Hauke and Montiel, Jos{\'e} MM and Davison, Andrew J},
    journal={Image and Vision Computing},
    volume={30},
    number={2},
    pages={65--77},
    year={2012},
    publisher={Elsevier}
}

%%%%%%%%%%%%%%%%%%%%%%%%%%%%%%%%%%%%%%%%%%%%%%%%%%
% Consistency
%%%%%%%%%%%%%%%%%%%%%%%%%%%%%%%%%%%%%%%%%%%%%%%%%%
@inproceedings{huang2008analysis,
    title={Analysis and improvement of the consistency of extended Kalman filter based SLAM},
    author={Huang, Guoquan P and Mourikis, Anastasios I and Roumeliotis, Stergios I},
    booktitle={Robotics and Automation, 2008. ICRA 2008. IEEE International Conference on},
    pages={473--479},
    year={2008},
    organization={IEEE}
}

%%%%%%%%%%%%%%%%%%%%%%%%%%%%%%%%%%%%%%%%%%%%%%%%%%
% VINS
%%%%%%%%%%%%%%%%%%%%%%%%%%%%%%%%%%%%%%%%%%%%%%%%%%
@inproceedings{li2017monocular,
    title={Monocular visual-inertial state estimation for mobile augmented reality},
    author={Li, Peiliang and Qin, Tong and Hu, Botao and Zhu, Fengyuan and Shen, Shaojie},
    booktitle={2017 IEEE International Symposium on Mixed and Augmented Reality (ISMAR)},
    pages={11--21},
    year={2017},
    organization={IEEE}
}

%%%%%%%%%%%%%%%%%%%%%%%%%%%%%%%%%%%%%%%%%%%%%%%%%%
% OKVIS
%%%%%%%%%%%%%%%%%%%%%%%%%%%%%%%%%%%%%%%%%%%%%%%%%%
@article{leutenegger2015keyframe,
    title={Keyframe-based visual--inertial odometry using nonlinear optimization},
    author={Leutenegger, Stefan and Lynen, Simon and Bosse, Michael and Siegwart, Roland and Furgale, Paul},
    journal={The International Journal of Robotics Research},
    volume={34},
    number={3},
    pages={314--334},
    year={2015},
    publisher={SAGE Publications Sage UK: London, England}
}

%%%%%%%%%%%%%%%%%%%%%%%%%%%%%%%%%%%%%%%%%%%%%%%%%%
% iSAM
%%%%%%%%%%%%%%%%%%%%%%%%%%%%%%%%%%%%%%%%%%%%%%%%%%
@article{kaess2008isam,
    title={iSAM: Incremental smoothing and mapping},
    author={Kaess, Michael and Ranganathan, Ananth and Dellaert, Frank},
    journal={IEEE Transactions on Robotics},
    volume={24},
    number={6},
    pages={1365--1378},
    year={2008},
    publisher={IEEE}
}

%%%%%%%%%%%%%%%%%%%%%%%%%%%%%%%%%%%%%%%%%%%%%%%%%%
% iSAM2
%%%%%%%%%%%%%%%%%%%%%%%%%%%%%%%%%%%%%%%%%%%%%%%%%%
@article{kaess2012isam2,
    title={iSAM2: Incremental smoothing and mapping using the Bayes tree},
    author={Kaess, Michael and Johannsson, Hordur and Roberts, Richard and Ila, Viorela and Leonard, John J and Dellaert, Frank},
    journal={The International Journal of Robotics Research},
    volume={31},
    number={2},
    pages={216--235},
    year={2012},
    publisher={Sage Publications Sage UK: London, England}
}

%%%%%%%%%%%%%%%%%%%%%%%%%%%%%%%%%%%%%%%%%%%%%%%%%%
% SLAM++
%%%%%%%%%%%%%%%%%%%%%%%%%%%%%%%%%%%%%%%%%%%%%%%%%%
@inproceedings{ila2017fast,
    title={Fast incremental bundle adjustment with covariance recovery},
    author={Ila, Viorela and Polok, Lukas and Solony, Marek and Istenic, Klemen},
    booktitle={International Conference on 3D Vision},
    pages={4321--4330},
    year={2017}
}

%%%%%%%%%%%%%%%%%%%%%%%%%%%%%%%%%%%%%%%%%%%%%%%%%%
% PTAM
%%%%%%%%%%%%%%%%%%%%%%%%%%%%%%%%%%%%%%%%%%%%%%%%%%
@inproceedings{klein2007parallel,
    title={Parallel tracking and mapping for small AR workspaces},
    author={Klein, Georg and Murray, David},
    booktitle={Mixed and Augmented Reality, 2007. ISMAR 2007. 6th IEEE and ACM International Symposium on},
    pages={225--234},
    year={2007},
    organization={IEEE}
}

%%%%%%%%%%%%%%%%%%%%%%%%%%%%%%%%%%%%%%%%%%%%%%%%%%
% RKSLAM
%%%%%%%%%%%%%%%%%%%%%%%%%%%%%%%%%%%%%%%%%%%%%%%%%%
@inproceedings{liu2016robust,
    title={Robust keyframe-based monocular SLAM for augmented reality},
    author={Liu, Haomin and Zhang, Guofeng and Bao, Hujun},
    booktitle={Mixed and Augmented Reality (ISMAR), 2016 IEEE International Symposium on},
    pages={1--10},
    year={2016},
    organization={IEEE}
}

%%%%%%%%%%%%%%%%%%%%%%%%%%%%%%%%%%%%%%%%%%%%%%%%%%
% M-estimator
%%%%%%%%%%%%%%%%%%%%%%%%%%%%%%%%%%%%%%%%%%%%%%%%%%
@phdthesis{zhang1995parameter,
  title={Parameter estimation techniques: A tutorial with application to conic fitting},
  author={Zhang, Zhengyou},
  year={1995},
  school={INRIA}
}

%%%%%%%%%%%%%%%%%%%%%%%%%%%%%%%%%%%%%%%%%%%%%%%%%%
% LM
%%%%%%%%%%%%%%%%%%%%%%%%%%%%%%%%%%%%%%%%%%%%%%%%%%
@misc{wiki:levenbergmarquardt,
    author="{Wikipedia contributors}",
    title="Levenbergâ€“Marquardt algorithm --- {Wikipedia}{,} The Free Encyclopedia",
    year="2018",
    howpublished="\url{https://en.wikipedia.org/w/index.php?title=Levenberg%E2%80%93Marquardt_algorithm&oldid=852940243}",
    note="[Online; accessed 10-August-2018]"
}

%%%%%%%%%%%%%%%%%%%%%%%%%%%%%%%%%%%%%%%%%%%%%%%%%%
% Noise
%%%%%%%%%%%%%%%%%%%%%%%%%%%%%%%%%%%%%%%%%%%%%%%%%%
@misc{imu2014,
    author={novatel},
    title={IMU Errors and Their Effects},
    howpublished={\url{https://www.novatel.com/assets/Documents/Bulletins/APN064.pdf}},
    year={2014}
}

%%%%%%%%%%%%%%%%%%%%%%%%%%%%%%%%%%%%%%%%%%%%%%%%%%
% Runge-Kutta
%%%%%%%%%%%%%%%%%%%%%%%%%%%%%%%%%%%%%%%%%%%%%%%%%%
@misc{wiki2017runge,
    author="Wikipedia",
    title="Rungeâ€“Kutta methods --- Wikipedia{,} The Free Encyclopedia",
    year="2017",
    url="\url{https://en.wikipedia.org/w/index.php?title=Runge%E2%80%93Kutta_methods&oldid=779750013}",
    note="[Online; accessed 16-June-2017]"
}

%%%%%%%%%%%%%%%%%%%%%%%%%%%%%%%%%%%%%%%%%%%%%%%%%%
% Ceres
%%%%%%%%%%%%%%%%%%%%%%%%%%%%%%%%%%%%%%%%%%%%%%%%%%
@misc{ceres-solver,
    author="Sameer Agarwal and Keir Mierle and Others",
    title="Ceres Solver",
    howpublished="\url{http://ceres-solver.org}",
    year={2012}
}

%%%%%%%%%%%%%%%%%%%%%%%%%%%%%%%%%%%%%%%%%%%%%%%%%%
% Eigen3
%%%%%%%%%%%%%%%%%%%%%%%%%%%%%%%%%%%%%%%%%%%%%%%%%%
@MISC{eigenweb,
    author={Ga\"{e}l Guennebaud and Beno\^{i}t Jacob and others},
    title={Eigen v3},
    howpublished={http://eigen.tuxfamily.org},
    year={2010}
}
